@book{hancocks2001different,
  title={A Different Nature: The Paradoxical World of Zoos and Their Uncertain Future},
  author={Hancocks, David},
  year={2001},
  publisher={University of California Press},
  address={Berkeley, CA},
  isbn={978-0520231085}
}

@book{conway2015wildlife,
  title={Wildlife Conservation in Zoos: The Challenge of Tomorrow},
  author={Conway, William G. and Kaufman, Les},
  year={2015},
  publisher={Zoo Atlanta Press},
  address={Atlanta, GA}
}

@article{miller2022zoo,
  title={Zoo-Based Conservation: Evolving Paradigms in the 21st Century},
  author={Miller, Brian and Conway, William G.},
  journal={Conservation Biology},
  volume={36},
  number={4},
  pages={e13901},
  year={2022},
  publisher={Wiley}
}

@misc{wpz2024strategic,
  title={Woodland Park Zoo Strategic Plan 2024-2028},
  author={{Woodland Park Zoo}},
  year={2024},
  url={https://www.zoo.org/about/strategic-plan},
  note={Accessed March 2025}
}

@techreport{wpz2023annual,
  title={Annual Report 2023: Conservation Impact and Financial Performance},
  author={{Woodland Park Zoological Society}},
  year={2023},
  institution={Woodland Park Zoo},
  address={Seattle, WA}
}

@article{russello2023conservation,
  title={Conservation Genomics in Action: Case Studies from Woodland Park Zoo},
  author={Russello, Michael A. and Smith, Jennifer K.},
  journal={Zoo Biology},
  volume={42},
  number={3},
  pages={245--258},
  year={2023},
  publisher={Wiley}
}

@book{russell2021artificial,
  title={Artificial Intelligence: A Modern Approach},
  author={Russell, Stuart and Norvig, Peter},
  edition={4th},
  year={2021},
  publisher={Pearson},
  address={Boston, MA},
  isbn={978-0134610993}
}

@article{christin2020algorithms,
  title={Algorithms in Practice: Comparing Web Journalism and Criminal Justice},
  author={Christin, Angèle},
  journal={Big Data \& Society},
  volume={7},
  number={2},
  pages={2053951720944929},
  year={2020},
  publisher={SAGE Publications}
}

@misc{allen2024ai,
  title={AI for Earth: Accelerating Conservation Through Machine Learning},
  author={{Allen Institute for AI}},
  year={2024},
  url={https://allenai.org/ai-for-earth},
  note={Accessed March 2025}
}

@article{lahoz2023wildlife,
  title={Wildlife Monitoring Using Computer Vision: A Systematic Review},
  author={Lahoz-Monfort, José J. and Magrath, Michael J.L.},
  journal={Methods in Ecology and Evolution},
  volume={14},
  number={8},
  pages={1982--1999},
  year={2023},
  publisher={Wiley}
}

@book{kolter2023machine,
  title={Machine Learning for Conservation: A Practical Guide},
  author={Kolter, J. Zico and Tambe, Milind},
  year={2023},
  publisher={MIT Press},
  address={Cambridge, MA},
  isbn={978-0262547123}
}

@article{sterling2022zoo,
  title={Zoo Visitor Experience Design in the Digital Age},
  author={Sterling, Eleanor J. and Gomez, Andres and Lee, Patricia},
  journal={Curator: The Museum Journal},
  volume={65},
  number={2},
  pages={301--318},
  year={2022},
  publisher={Wiley}
}

@misc{aza2024accreditation,
  title={Accreditation Standards and Related Policies},
  author={{Association of Zoos and Aquariums}},
  year={2024},
  url={https://www.aza.org/accreditation-standards},
  note={Accessed March 2025}
}

@article{barongi2015commitments,
  title={Commitments to Conservation: The World Zoo and Aquarium Conservation Strategy},
  author={Barongi, Rick and Fisken, Fiona A. and Parker, Mary and Gusset, Markus},
  journal={International Zoo Yearbook},
  volume={49},
  number={1},
  pages={1--6},
  year={2015},
  publisher={Wiley}
}

@book{ceballos2020vertebrates,
  title={Vertebrates on the Brink as Indicators of Biological Annihilation and the Sixth Mass Extinction},
  author={Ceballos, Gerardo and Ehrlich, Paul R. and Raven, Peter H.},
  year={2020},
  publisher={National Academy of Sciences},
  address={Washington, DC}
}

@article{schwartz2023predictive,
  title={Predictive Analytics in Animal Health Management: Applications in Zoological Settings},
  author={Schwartz, Mark W. and Thompson, Sarah L.},
  journal={Journal of Zoo and Wildlife Medicine},
  volume={54},
  number={1},
  pages={45--58},
  year={2023},
  publisher={American Association of Zoo Veterinarians}
}

@misc{microsoft2024sustainability,
  title={AI for Sustainability: Environmental Applications of Artificial Intelligence},
  author={{Microsoft Corporation}},
  year={2024},
  url={https://www.microsoft.com/en-us/ai/ai-for-sustainability},
  note={Accessed March 2025}
}

@article{johnson2023personalization,
  title={Personalization Technologies in Museum and Zoo Education},
  author={Johnson, Rebecca A. and Kim, David H.},
  journal={Computers \& Education},
  volume={195},
  pages={104721},
  year={2023},
  publisher={Elsevier}
}

@book{sanderson2023conservation,
  title={Conservation Technology: Tools for Wildlife Protection in the Digital Age},
  author={Sanderson, James G. and Harris, Grant},
  year={2023},
  publisher={Johns Hopkins University Press},
  address={Baltimore, MD},
  isbn={978-1421444321}
}

@article{wpz2022tree,
  title={Tree Kangaroo Conservation Program: 25 Years of Community-Based Conservation},
  author={Dabek, Lisa and Moriarty, Kai and Gabriel, Paul},
  journal={Oryx},
  volume={56},
  number={4},
  pages={512--520},
  year={2022},
  publisher={Cambridge University Press}
}

@misc{nature2024climate,
  title={Climate Change and Biodiversity: IPCC Working Group Report},
  author={{Intergovernmental Panel on Climate Change}},
  year={2024},
  url={https://www.ipcc.ch/report/ar6/wg2/},
  note={Accessed March 2025}
}

@article{fernandez2023donor,
  title={Data-Driven Donor Engagement in Nonprofit Organizations},
  author={Fernández-López, Sara and MacDonald, Andrew},
  journal={Nonprofit Management and Leadership},
  volume={33},
  number={3},
  pages={389--407},
  year={2023},
  publisher={Wiley}
}

@book{goodall2021book,
  title={The Book of Hope: A Survival Guide for Trying Times},
  author={Goodall, Jane and Abrams, Douglas},
  year={2021},
  publisher={Celadon Books},
  address={New York, NY},
  isbn={978-1250784094}
}

@article{seattle2023urban,
  title={Urban Wildlife Conservation: Seattle's Approach to Biodiversity},
  author={{Seattle Parks and Recreation}},
  journal={Urban Ecosystems},
  volume={26},
  number={2},
  pages={445--459},
  year={2023},
  publisher={Springer}
}

@misc{hal92024platform,
  title={Hal9 AI Platform: Enterprise AI Solutions for Conservation and Sustainability},
  author={{Hal9 Inc.}},
  year={2024},
  url={https://hal9.ai/platform},
  note={Accessed March 2025}
}